@book{aho_compilers,
  author    = {Alfred V. Aho and Monica S. Lam and Ravi Sethi and Jeffrey D. Ullman},
  title     = {Compilers: Principles, Techniques, and Tools},
  year      = {2007},
  publisher = {Addison-Wesley},
  edition   = {2nd},
  url = {https://dpvipracollege.ac.in/wp-content/uploads/2023/01/Alfred-V.-Aho-Monica-S.-Lam-Ravi-Sethi-Jeffrey-D.-Ullman-Compilers-Principles-Techniques-and-Tools-Pearson_Addison-Wesley-2007.pdf}
}

@manual{flex_manual,
  title     = {FLEX: The Fast Lexical Analyzer},
  author    = {Vern Paxson},
  year      = {2007},
  url       = {https://westes.github.io/flex/manual/},
  note      = {Accessed: 2025-02-27}
}
@misc{chatgpt2025,
  author = {ChatGPT},
  title = {Uso de Flex para tokens},
  year = {2025},
  url = {https://chatgpt.com/share/67c12107-1ef4-8011-af03-8789f93f5a87},
  note = {Accessed: 2025-02-27}
}